@article{王征2017基于卷积神经网络和,
	title={基于卷积神经网络和SVM的中国画情感分类},
	author={王征 and 李皓月 and 许洪山 and 孙美君},
	journal={南京师大学报(自然科学版)},
	number={3},
	pages={79},
	year={2017},
}
@book{adams1995hitchhiker,
	title={The Hitchhiker's Guide to the Galaxy},
	author={Adams, D.},
	isbn={9781417642595},
	url={http://books.google.com/books?id=W-xMPgAACAAJ},
	year={1995},
	publisher={San Val}
}