@article{deng2014deep,
	title={Deep learning: methods and applications},
	author={Deng, Li and Yu, Dong},
	journal={Foundations and trends in signal processing},
	volume={7},
	number={3--4},
	pages={197--387},
	year={2014},
	publisher={Now Publishers Inc. Hanover, MA, USA}
}
@article{kamilaris2018deep,
	title={Deep learning in agriculture: A survey},
	author={Kamilaris, Andreas and Prenafeta-Bold{\'u}, Francesc X},
	journal={Computers and electronics in agriculture},
	volume={147},
	pages={70--90},
	year={2018},
	publisher={Elsevier}
}
@article{mackenzie1992risk,
	title={Risk analysis in the development of pterygia},
	author={Mackenzie, Fraser D and Hirst, Lawrence W and Battistutta, Diana and Green, Adele},
	journal={Ophthalmology},
	volume={99},
	number={7},
	pages={1056--1061},
	year={1992},
	publisher={Elsevier}
}